<marc:record xmlns:marc="http://www.loc.gov/MARC21/slim" xmlns:xsi="http://www.w3.org/2001/XMLSchema-instance" xsi:schemaLocation="http://www.loc.gov/MARC21/slim http://www.loc.gov/standards/marcxml/schema/MARC21slim.xsd"><marc:leader>00620nkm a22      a 4500</marc:leader><marc:controlfield tag="001">1455037</marc:controlfield><marc:controlfield tag="003">NL-AMISG</marc:controlfield><marc:controlfield tag="005">20120216104315.0</marc:controlfield><marc:controlfield tag="008">120215s        ne                  ne  d</marc:controlfield><marc:datafield ind1=" " ind2=" " tag="040"><marc:subfield code="a">NL-AMISG</marc:subfield></marc:datafield><marc:datafield ind1=" " ind2=" " tag="044"><marc:subfield code="a">ne</marc:subfield></marc:datafield><marc:datafield ind1="1" ind2=" " tag="100"><marc:subfield code="0">(NL-AMISG)2002128</marc:subfield><marc:subfield code="photographer.">f</marc:subfield><marc:subfield code="a">Paalman, F.</marc:subfield><marc:subfield code="e">photographer.</marc:subfield></marc:datafield><marc:datafield ind1="1" ind2="0" tag="245"><marc:subfield code="k">Visual document.</marc:subfield></marc:datafield><marc:datafield ind1=" " ind2=" " tag="260"><marc:subfield code="c">(Ca. 1980)</marc:subfield></marc:datafield><marc:datafield ind1=" " ind2=" " tag="500"><marc:subfield code="a">Bijeenkomst. Kok.</marc:subfield></marc:datafield><marc:datafield ind1=" " ind2=" " tag="540"><marc:subfield code="b">F.Paalman.</marc:subfield></marc:datafield><marc:datafield ind1=" " ind2=" " tag="542"><marc:subfield code="m">closed</marc:subfield></marc:datafield><marc:datafield ind1="1" ind2="4" tag="600"><marc:subfield code="a">Kok, Wim</marc:subfield><marc:subfield code="0">(NL-AMISG)185226</marc:subfield></marc:datafield><marc:datafield ind1="2" ind2="4" tag="610"><marc:subfield code="a">pvda</marc:subfield><marc:subfield code="0">(NL-AMISG)203601</marc:subfield></marc:datafield><marc:datafield ind1=" " ind2="4" tag="648"><marc:subfield code="a">1980-1989</marc:subfield><marc:subfield code="0">(NL-AMISG)558358</marc:subfield></marc:datafield><marc:datafield ind1=" " ind2="4" tag="650"><marc:subfield code="a">Portrait</marc:subfield><marc:subfield code="0">(NL-AMISG)306035</marc:subfield></marc:datafield><marc:datafield ind1=" " ind2="4" tag="651"><marc:subfield code="a">Netherlands</marc:subfield><marc:subfield code="0">(NL-AMISG)569282</marc:subfield></marc:datafield><marc:datafield ind1=" " ind2="4" tag="655"><marc:subfield code="a">Photo</marc:subfield><marc:subfield code="0">(NL-AMISG)121213</marc:subfield></marc:datafield><marc:datafield ind1="2" ind2=" " tag="710"><marc:subfield code="a">PvdA</marc:subfield><marc:subfield code="e">collector</marc:subfield><marc:subfield code="0">(NL-AMISG)574031</marc:subfield></marc:datafield><marc:datafield ind1="4" ind2=" " tag="852"><marc:subfield code="a">IISG</marc:subfield><marc:subfield code="b">IISG</marc:subfield><marc:subfield code="c">IISG</marc:subfield><marc:subfield code="j">BG B33/504</marc:subfield><marc:subfield code="n">Available</marc:subfield><marc:subfield code="p">30051002967997</marc:subfield></marc:datafield><marc:datafield ind1=" " ind2=" " tag="901"><marc:subfield code="a">1455037</marc:subfield><marc:subfield code="b"/><marc:subfield code="c">1455037</marc:subfield><marc:subfield code="t">biblio</marc:subfield></marc:datafield><marc:datafield ind1=" " ind2=" " tag="902"><marc:subfield code="a">10622/74FE77A0-A138-40EC-A55C-F1B51597EE5B</marc:subfield></marc:datafield></marc:record>